<?xml version="1.0" encoding="UTF-8"?><collection xmlns="http://www.loc.gov/MARC21/slim"><record><leader>00312nam--2200145-i-4500</leader><controlfield tag="001">000011204</controlfield><controlfield tag="002">20161230</controlfield><controlfield tag="005">20161230201029</controlfield><controlfield tag="008">060222s1000------------r-----000-0-eng-d</controlfield><datafield ind1=" " ind2=" " tag="020"><subfield code="a">CERN-75</subfield></datafield><datafield ind1=" " ind2=" " tag="100"><subfield code="a">Keil, E</subfield></datafield><datafield ind1=" " ind2=" " tag="245"><subfield code="a">Montague, b.w</subfield></datafield><datafield ind1=" " ind2=" " tag="260"><subfield code="a">Dudboe, A</subfield></datafield><datafield ind1=" " ind2=" " tag="490"><subfield code="a">Geneva, Cern, 1975 57 P</subfield></datafield><datafield ind1=" " ind2=" " tag="653"><subfield code="a">13</subfield></datafield></record></collection>